
@Article{	  iancu_behavioral_2005,
  title		= "Behavioral characterization of a unilateral 6-{OHDA}-lesion model of {Parkinson}'s disease in mice",
  volume	= "162",
  issn		= "0166-4328",
  doi		= "10.1016/j.bbr.2005.02.023",
  language	= "eng",
  number	= "1",
  journal	= "Behav. Brain Res.",
  author	= "Ruxandra Iancu and Paul Mohapel and Patrik Brundin and Gesine Paul",
  month		= jul,
  year		= "2005",
  pmid		= "15922062",
  pages		= "1-10"
}
@Article{	  harvey_intracellular_2009,
  title		= "Intracellular dynamics of hippocampal place cells during virtual navigation",
  volume	= "461",
  rights	= "Â© 2009 Nature Publishing Group",
  issn		= "0028-0836",
  url		= "http://www.nature.com/nature/journal/v461/n7266/full/nature08499.html",
  doi		= "10.1038/nature08499",
  pages		= "941-946",
  number	= "7266",
  journaltitle	= "Nature",
  shortjournal	= "Nature",
  author	= "Christopher D. Harvey and Forrest Collman and Daniel A. Dombeck and David W. Tank",
  urldate	= "2013-11-27",
  date		= "2009-10-15",
  langid	= "english",
}

@article{McLelland2015,
	doi = {10.1016/j.jneumeth.2015.01.006},
	url = {https://doi.org/10.1016%2Fj.jneumeth.2015.01.006},
	year = 2015,
	month = {mar},
	publisher = {Elsevier {BV}},
	volume = {243},
	pages = {1-7},
	author = {Angela E. McLelland and Carl E. Winkler and Mathew T. Martin-Iverson},
	title = {A simple and effective method for building inexpensive infrared equipment used to monitor animal locomotion},
	journal = {Journal of Neuroscience Methods}
}


@Article{	  takahashi_vivo_2006,
  title		= "In vivo oxygen imaging using green fluorescent protein",
  volume	= "291",
  copyright	= "Copyright Â© 2006 the American Physiological Society",
  issn		= "0363-6143, 1522-1563",
  url		= "http://ajpcell.physiology.org/content/291/4/C781",
  doi		= "10.1152/ajpcell.00067.2006",
  language	= "en",
  number	= "4",
  urldate	= "2017-02-27",
  journal	= "American Journal of Physiology - Cell Physiology",
  author	= "Eiji Takahashi and Tomohiro Takano and Yasutomo Nomura and Satoshi Okano and Osamu Nakajima and Michihiko Sato",
  month		= oct,
  year		= "2006",
  pmid		= "16738007",
  pages		= "C781-C787"
}
