@Article{Mohammed_2016,
author={Mohammed, Ali I.
and Gritton, Howard J.
and Tseng, Hua-an
and Bucklin, Mark E.
and Yao, Zhaojie
and Han, Xue},
title={An integrative approach for analyzing hundreds of neurons in task performing mice using wide-field calcium imaging},
journal={Scientific Reports},
year={2016},
month={Feb},
day={08},
publisher={The Author(s) SN  -},
volume={6},
pages={20986 EP  -},
note={Article},
url={https://doi.org/10.1038/srep20986}
}

