


@article{Gritton_2019,
	doi = {10.1038/s41593-019-0341-3},
	url = {https://doi.org/10.1038%2Fs41593-019-0341-3},
	year = 2019,
	month = {feb},
	publisher = {Springer Nature},
	volume = {22},
	number = {4},
	pages = {586--597},
	author = {Howard J. Gritton and William M. Howe and Michael F. Romano and Alexandra G. DiFeliceantonio and Mark A. Kramer and Venkatesh Saligrama and Mark E. Bucklin and Dana Zemel and Xue Han},
	title = {Unique contributions of parvalbumin and cholinergic interneurons in organizing striatal networks during movement},
	journal = {Nature Neuroscience}
}
