


@article{Zhuo_2016,
	doi = {10.7554/elife.22429},
	url = {https://doi.org/10.7554%2Felife.22429},
	year = 2016,
	month = {dec},
	publisher = {{eLife} Sciences Publications, Ltd},
	volume = {5},
	author = {Jia-Min Zhuo and Hua-an Tseng and Mitul Desai and Mark E Bucklin and Ali I Mohammed and Nick TM Robinson and Edward S Boyden and Lara M Rangel and Alan P Jasanoff and Howard J Gritton and Xue Han},
	title = {Young adult born neurons enhance hippocampal dependent performance via influences on bilateral networks},
	journal = {{eLife}}
}
