


@article{Romano_2019,
	doi = {10.1016/j.jneumeth.2019.03.019},
	url = {https://doi.org/10.1016%2Fj.jneumeth.2019.03.019},
	year = 2019,
	month = {may},
	publisher = {Elsevier {BV}},
	volume = {320},
	pages = {107--115},
	author = {Michael Romano and Mark Bucklin and Howard Gritton and Dev Mehrotra and Robb Kessel and Xue Han},
	title = {A Teensy microcontroller-based interface for optical imaging camera control during behavioral experiments},
	journal = {Journal of Neuroscience Methods}
}
